<record><leader>00000cas a22000007a 4500</leader><controlfield tag="001">15514445</controlfield><controlfield tag="008">870410d18831895wiuwr ne      0    0eng d</controlfield><datafield ind1=" " ind2=" " tag="010"><subfield code="a">sn 87082431 </subfield></datafield><datafield ind1=" " ind2=" " tag="040"><subfield code="a">NPV</subfield><subfield code="b">eng</subfield><subfield code="c">NPV</subfield><subfield code="d">OCL</subfield><subfield code="d">OCLCQ</subfield></datafield><datafield ind1=" " ind2=" " tag="042"><subfield code="a">msc</subfield></datafield><datafield ind1="0" ind2=" " tag="130"><subfield code="a">Courier (Thorp, Wis.)</subfield></datafield><datafield ind1="1" ind2="4" tag="245"><subfield code="a">The courier.</subfield></datafield><datafield ind1=" " ind2=" " tag="260"><subfield code="a">Thorp, Clark Co., Wis. :</subfield><subfield code="b">Shafer Bros. &amp; Wagner,</subfield><subfield code="c">1883-1895.</subfield></datafield><datafield ind1=" " ind2=" " tag="300"><subfield code="a">v.</subfield></datafield><datafield ind1=" " ind2=" " tag="310"><subfield code="a">Weekly</subfield></datafield><datafield ind1="0" ind2=" " tag="362"><subfield code="a">Vol. 1, no. 1 (Nov. 23, 1883)-v. 12, no. 27 (May 23, 1895).</subfield></datafield><datafield ind1=" " ind2=" " tag="752"><subfield code="a">United States</subfield><subfield code="b">Wisconsin</subfield><subfield code="c">Clark</subfield><subfield code="d">Thorp.</subfield></datafield><datafield ind1="0" ind2="0" tag="785"><subfield code="t">Thorp courier</subfield><subfield code="w">(DLC)sn 85009031</subfield></datafield></record>